<?xml version="1.0" encoding="UTF-8"?><collection xmlns="http://www.loc.gov/MARC21/slim"><record><leader>00447nam--2200157-i-4500</leader><controlfield tag="001">000008867</controlfield><controlfield tag="002">20161230</controlfield><controlfield tag="005">20170222172612</controlfield><controlfield tag="008">060222s1000------------r-----000-0-eng-d</controlfield><datafield ind1=" " ind2=" " tag="100"><subfield code="a">Damachi, Emil</subfield></datafield><datafield ind1=" " ind2=" " tag="245"><subfield code="a">Amplificatoare si detectoare de videofrecventa receptoare de televiziune</subfield></datafield><datafield ind1=" " ind2=" " tag="260"><subfield code="a">Bucuresti</subfield><subfield code="b">Ed.Tehnica</subfield><subfield code="c">1969</subfield></datafield><datafield ind1=" " ind2=" " tag="300"><subfield code="a">394 p</subfield></datafield><datafield ind1=" " ind2=" " tag="700"><subfield code="a">Danila, Theodor</subfield></datafield><datafield ind1=" " ind2=" " tag="852"><subfield code="a">621.375/376.029.33:621.397</subfield></datafield><datafield ind1=" " ind2=" " tag="CAT"><subfield code="a">SYS</subfield><subfield code="c">20170222</subfield><subfield code="h">172612</subfield></datafield></record></collection>